%%%%%%%%%%%%%%%%%%%%%%%%%%%%%%%%%%%%%%%%%%%%%%%%
%DISEÑO
%%%%%%%%%%%%%%%%%%%%%%%%%%%%%%%%%%%%%%%%%%%%%%%%

@ONLINE {bootstrap_grid_basic,
    title = "Bootstrap Grids. w3schools",
    year = {Consultado el: 29 de Enero del 2018},
    url   = "\url{https://www.w3schools.com/bootstrap/bootstrap_grid   _basic.asp}",
    howpublished={\url{https://www.w3schools.com/bootstrap/bootstrap_grid   _basic.asp}}
}

@ONLINE {lato,
    title = "Lato. {G}oogle Fonts",
    year = {Consultado el: 29 de Enero del 2018},
    url   = "\url{https://fonts.google.com/specimen/Lato}",
    howpublished={\url{https://fonts.google.com/specimen/Lato}}
}

@ONLINE {merriweather,
    title = "Merriweather. {G}oogle Fonts",
    year = {Consultado el: 29 de Enero del 2018},
    url   = "\url{https://fonts.google.com/specimen/Merriweather}",
    howpublished={\url{https://fonts.google.com/specimen/Merriweather}}
}

@BOOK {nordic_guidelines,
    author    = "Thorén C.",
    title     = "Nordic Guidelines for Computer Accessibility",
    publisher = "Nordic Cooperation on Disability",
    year      = "1998",
    edition   = "second"
}

@BOOK {ekberg,
    author  = "Ekberg J.",
    title   = "Un paso adelante: Diseño para todos. Proyecto INCLUDE.",
    year      = "2000",
    address = "CEAPAT-IMSERSO, Madrid."
}

@ONLINE {eval_heuris,
    author = "Mª Paula González, Afra Pascual y Jesús Lorés",
    title  = "Evaluación heurística. {U}niversitat de {L}leida.",
    url    = "\url{http://w.aipo.es/libro/pdf/15-Evaluacion-Heuristica.pdf}",
    howpublished={\url{http://w.aipo.es/libro/pdf/15-Evaluacion-Heuristica.pdf}},
    year         = "Consultado de 29 de enero del 2018"
}

@ONLINE {iso_ergonomics,
    title        = "{ISO} 9241-171:2008  {E}rgonomics of human-system interaction - {P}art 171: {G}uidance on software accessibility",
    organization = "ISO",
    year         = "Consultado de 29 de enero del 2018",
    url          = "\url{https://www.iso.org/standard/39080.html}",
    howpublished={\url{https://www.iso.org/standard/39080.html}}
}

@ONLINE {aenor_req_acces,
    title        = "{UNE} 139803:2012 {R}equisitos de accesibilidad para contenidos en la Web",
    organization = "AENOR",
    year         = "Consultado de 29 de enero del 2018",
    url          = "\url{http://administracionelectronica.gob.es/ pae_Home/pae_Estrategias/pae_Accesibilidad/pae_normativa/pae_eInclusion_Normas_Accesibilidad.html#.WBbsEYVwZZ0}"  ,
    howpublished={\url{http://administracionelectronica.gob.es/ pae_Home/pae_Estrategias/pae_Accesibilidad/pae_normativa/pae_eInclusion_Normas_Accesibilidad.html#.WBbsEYVwZZ0}}
}

@BOOK {georgefield1845,
    author    = "George Field",
    title     = "Chromatics: Or, the Analogy, Harmony, and Philosophy of Colours",
    publisher = "David Bogue, Fleet Street",
    year      = "1845"
}

@ONLINE {codeschool_elements,
    author = "CodeSchool",
    title  = "The Elements of Web Design",
    year   = "Consultado de 29 de enero del 2018",
    url    = "\url{http://courseware.codeschool.com/the-elements-of-web-design/CodeSchool-The-Elements-of-Web-Design-all-levels.pdf}",
    howpublished={\url{http://courseware.codeschool.com/the-elements-of-web-design/CodeSchool-The-Elements-of-Web-Design-all-levels.pdf}}
}


@ONLINE {codeschool_design,
    author = "CodeSchool",
    title  = "Fundamentals of Design",
    year   = "Consultado de 29 de enero del 2018",
    url    = "\url{http://courseware.codeschool.com/FoD_optimized.pdf}",
    howpublished={\url{http://courseware.codeschool.com/FoD_optimized.pdf}}
}

@ONLINE {stack_mean_doc,
    title = "Documentación de MEAN Stack",
    year  = "Consultado de 29 de enero del 2018",
    url   = "\url{http://meanjs.org/docs/0.5.x/}",
    howpublished={\url{http://meanjs.org/docs/0.5.x/}}
}

@ONLINE {mongodb_mean_stack,
    author = "MongoDB",
    title  = "The MEAN Stack: MongoDB, ExpressJS, AngularJS and Node.js",
    year   = "Consultado de 29 de enero del 2018",
    url    = "\url{https://www.mongodb.com/blog/post/the-mean-stack-mongodb-expressjs-angularjs-and}",
    howpublished={\url{https://www.mongodb.com/blog/post/the-mean-stack-mongodb-expressjs-angularjs-and}}
}

@ONLINE {mongodb_gest_datos,
    author = "MongoDB",
    title  = "Reinventando la gestión de datos",
    year   = "Consultado de 29 de enero del 2018",
    url    = "\url{https://www.mongodb.com/es}",
    howpublished={\url{https://www.mongodb.com/es}}
}

@ONLINE {express,
    title = "Página oficial de ExpressJS",
    year  = "Consultado de 29 de enero del 2018",
    url   = "\url{http://expressjs.com/es/}",
    howpublished={\url{http://expressjs.com/es/}}
}

@ONLINE {angular_docs,
    title = "Documentación de AngularJS",
    year  = "Consultado de 29 de enero del 2018",
    url   = "\url{https://angular.io/docs}",
    howpublished={\url{https://angular.io/docs}}
}

@ONLINE {angular_arch,
    title = "Arquitectura AngularJS",
    year  = "Consultado de 29 de enero del 2018",
    url   = "\url{https://angular.io/guide/architecture}",
    howpublished={\url{https://angular.io/guide/architecture}}
}

@ONLINE {node_acerca,
    title = "Acerca de Node.js",
    year  = "Consultado de 29 de enero del 2018",
    url   = "\url{https://nodejs.org/es/about/}",
    howpublished={\url{https://nodejs.org/es/about/}}
}

@ONLINE {bootstrap,
    title = "Página oficial de Bootstrap",
    year  = "Consultado de 29 de enero del 2018",
    url   = "\url{http://getbootstrap.com/2.3.2/}",
    howpublished={\url{https://nodejs.org/es/about/}}
}

@ONLINE {semantic_github,
    title = "Github Semantic UI",
    year  = "Consultado de 29 de enero del 2018",
    url   = "\url{https://github.com/Semantic-Org/Semantic-UI}",
    howpublished={\url{https://github.com/Semantic-Org/Semantic-UI}}
}

@ONLINE {css_mozilla,
    title = "CSS",
    year  = "Consultado de 29 de enero del 2018",
    url   = "\url{https://developer.mozilla.org/es/docs/Web/CSS}",
    howpublished={\url{https://developer.mozilla.org/es/docs/Web/CSS}}
}

@ONLINE {html_mozilla,
    title = "HTML",
    year  = "Consultado de 29 de enero del 2018",
    url   = "\url{https://developer.mozilla.org/es/docs/Web/HTML}",
    howpublished={\url{https://developer.mozilla.org/es/docs/Web/HTML}}
}

@ONLINE {javascript_mozilla,
    title = "JavaScript",
    year  = "Consultado de 29 de enero del 2018",
    url   = "\url{https://developer.mozilla.org/es/docs/Web/JavaScript}",
    howpublished={\url{https://developer.mozilla.org/es/docs/Web/JavaScript}}
}

@ONLINE {google_api,
    title = "Places de Google Maps JavaScript API",
    year  = "Consultado de 29 de enero del 2018",
    url   = "\url{ttps://developers.google.com/maps/documentation/javascript/places-autocomplete?hl=es-419}",
    howpublished={\url{https://developers.google.com/maps/documentation/javascript/places-autocomplete?hl=es-419}}
}

@ONLINE {passport,
    title = "Página oficial de PassporJS",
    year  = "Consultado de 29 de enero del 2018",
    url   = "\url{http://www.passportjs.org/}",
    howpublished={\url{http://www.passportjs.org/}}
}

@ONLINE {brackets,
    title = "Página oficial de Brackets",
    year  = "Consultado de 29 de enero del 2018",
    url   = "\url{http://brackets.io/}",
    howpublished={\url{http://brackets.io/}}
}

@ONLINE {git,
    title = "Página oficial de Git",
    year  = "Consultado de 29 de enero del 2018",
    url   = "\url{https://git-scm.com/}",
    howpublished={\url{https://git-scm.com/}}
}

@ONLINE {github,
    title = "Página oficial de GitHub",
    year  = "Consultado de 29 de enero del 2018",
    url   = "\url{https://github.com/}",
    howpublished={\url{https://github.com/}}
}

@ONLINE {grunt,
    title = "Página oficial de GruntJS",
    year  = "Consultado de 29 de enero del 2018",
    url   = "\url{https://gruntjs.com/}",
    howpublished={\url{https://gruntjs.com/}}
}

@ONLINE {latex,
    title = "Página oficial de LaTeX",
    year  = "Consultado de 29 de enero del 2018",
    url   = "\url{https://www.latex-project.org/}",
    howpublished={\url{https://www.latex-project.org/}}
}

@ONLINE {libreoffice,
    title = "Página oficial de LibreOffice",
    year  = "Consultado de 29 de enero del 2018",
    url   = "\url{https://es.libreoffice.org/}",
    howpublished={\url{https://es.libreoffice.org/}}
}

@ONLINE {pencil,
    title = "Página oficial de Pencil",
    year  = "Consultado de 29 de enero del 2018",
    url   = "\url{https://pencil.evolus.vn/}",
    howpublished={\url{https://pencil.evolus.vn/}}
}

@ONLINE {npm,
    title = "Página oficial de NPMJS",
    year  = "Consultado de 29 de enero del 2018",
    url   = "\url{https://www.npmjs.com/}",
    howpublished={\url{https://www.npmjs.com/}}
}

@ONLINE {robomongo,
    title = "Página oficial de Robomongo",
    year  = "Consultado de 29 de enero del 2018",
    url   = "\url{https://robomongo.org/}",
    howpublished={\url{https://robomongo.org/}}
}

@ONLINE {staruml,
    title = "Página oficial de StarUML",
    year  = "Consultado de 29 de enero del 2018",
    url   = "\url{http://staruml.io/}",
    howpublished={\url{http://staruml.io/}}
}

@ONLINE {fullcalendar,
    title = "Página oficial de FullCalendar",
    year  = "Consultado de 29 de enero del 2018",
    url   = "\url{https://fullcalendar.io/}",
    howpublished={\url{https://fullcalendar.io/}}
}

@ONLINE {mongoose,
    title = "Página oficial de Mongoose",
    year  = "Consultado de 29 de enero del 2018",
    url   = "\url{http://mongoosejs.com/}",
    howpublished={\url{http://mongoosejs.com/}}
}

@BOOK {fernandomonteiro2014,
    author    = "Fernando Monteiro",
    title     = "Learning Single-page Web Application Development",
    publisher = "PACKT PUBLISHING",
    year      = "2014"
}

@BOOK {keheliyagallabaalimesbahivanbeschastnikh2015,
    author    = "Keheliya Gallaba, Ali Mesbah, Ivan Beschastnikh",
    title     = "Don't Call Us, We'll Call You: Characterizing Callbacks in Javascript",
    publisher = "Empirical Software Engineering and Measurement (ESEM), 2015 ACM/IEEE International Symposium on",
    year      = "2015"
}

@ONLINE {promise_objeto,
    title = "Objetos globales: Promise",
    year  = "Consultado de 29 de enero del 2018",
    url   = "\url{https://developer.mozilla.org/es/docs/Web/JavaScript/Referencia/Objetos_globales/Promise }",
    howpublished={\url{https://developer.mozilla.org/es/docs/Web/JavaScript/Referencia/Objetos_globales/Promise }}
}

@ONLINE {promise_mozilla,
    title = "Promise",
    year  = "Consultado de 29 de enero del 2018",
    url   = "\url{https://developer.mozilla.org/es/docs/Web/JavaScript/Guide/Usar_promesas }",
    howpublished={\url{https://developer.mozilla.org/es/docs/Web/JavaScript/Guide/Usar_promesas }}
}

@ONLINE {angular_embrace,
    title = "How Angular embraced tradicional OOP design patterns",
    year  = "Consultado de 29 de enero del 2018",
    url   = "\url{https://www.slideshare.net/ranm8/how-angularjs-embraced}",
    howpublished={\url{https://www.slideshare.net/ranm8/how-angularjs-embraced}}
}

@BOOK {ericfreemanelisabethfreemankathysierrabertbates2004,
    author    = "Eric Freeman, Elisabeth Freeman, Kathy Sierra, Bert Bates",
    title     = "Head First Design Patterns",
    publisher = "O'Reilly Media",
    year      = "2004"
}

@ONLINE {data_binding_w3s,
    title = "Data binding. w3schools",
    year = {Consultado el: 29 de Enero del 2018},
    url   = "\url{https://www.w3schools.com/angular/angular_databinding.asp}",
    howpublished={\url{https://www.w3schools.com/angular/angular_databinding.asp}}
}

@BOOK {martinfowlerdavidricematthewfoemmeledwardhieattrobertmeerandystafford2002,
    author    = "Martin Fowler, David Rice, Matthew Foemmel, Edward Hieatt, Robert Mee, Randy Stafford",
    title     = "Patterns of enterprise application architecture",
    publisher = "Addison Wesley",
    year      = "2002"
}

@ONLINE {page_controller_microsoft,
    title = "Page Controller. Microsoft",
    year = {Consultado el: 29 de Enero del 2018},
    url   = "\url{https://msdn.microsoft.com/en-us/library/ff649595.aspx}",
    howpublished={\url{https://msdn.microsoft.com/en-us/library/ff649595.aspx}}
}

@ONLINE {mgechev,
    title = "AngularJS in Patterns",
    year = {Consultado el: 29 de Enero del 2018},
    url   = "\url{https://github.com/mgechev/angularjs-in-patterns}",
    howpublished={\url{https://github.com/mgechev/angularjs-in-patterns}}
}

@ONLINE {paislee,
    title = "A Conceptual Introduction to AngularJS",
    year = {Consultado el: 29 de Enero del 2018},
    url   = "\url{http://paislee.io/a-conceptual-introduction-to-angularjs/}",
    howpublished={\url{http://paislee.io/a-conceptual-introduction-to-angularjs/}}
}

@ONLINE {depend_inject,
    title = "Dependency Injection in JavaScript",
    year = {Consultado el: 29 de Enero del 2018},
    url   = "\url{https://dzone.com/articles/dependency-injection-0}",
    howpublished={\url{https://dzone.com/articles/dependency-injection-0}}
}

@BOOK {stoyanstefanov2010,
    author    = "Stoyan Stefanov",
    title     = "JavaScript Patterns",
    publisher = "O'Reilly",
    year      = "2010"
}

@BOOK {addyosmani2012,
    author    = "Addy Osmani",
    title     = "Learning JavaScript Design Patterns",
    publisher = "O'Reilly",
    year      = "2012"
}

@ONLINE {rest_spring,
    title = "Understanding REST",
    year = {Consultado el: 29 de Enero del 2018},
    url   = "\url{https://spring.io/understanding/REST}",
    howpublished={\url{https://spring.io/understanding/REST}}
}



